@book{book:textbook,
  author    = "Jewett, John W. and Serway, Raymond A.",
  title     = "Physics for scientists and engineers. Vol. 2",
  publisher = "Cengage Learning",
  year      = 2010
}

@online{web:thoughtco,
  author       = "Jones, Andrew Zimmerman",
  title        = " Young's Double Slit Experiment",
  year         = 2019,
  url          = {https://www.thoughtco.com/youngs-double-slit-experiment-2699034}
}
@online{web:gamma,
  author       = "Glen, Stark",
  title        = "Gamma ray",
  year         = 2018,
  url          = {https://www.britannica.com/science/gamma-ray}
}

@online{online:figs,
  author       = "Math10.com",
  title        = "GeoGebra - Free Online Geometry Tool",
  year         = "2005 - 2019",
  url          = {https://www.math10.com/en/geometry/geogebra/geogebra.html}
}
@book{french,
  author    = "French, Anthony P.",
  title     = "Vibrations and Waves",
  publisher = "CBS Publishers \& Distributors",
  year      = 2003
}


% From here below, items are example ones, copy and paste appropriate type
% and edit the fields

 
@book{book:red_dragon,
  author    = "Ахо, Альфред and Сети, Рави and Ульман, Джефри",
  title     = "Компиляторы. Принципы, технологии, инструменты",
  address   = "М.",
  publisher = "Вильямс",
  year      = 2003,
  language  = "russian"
}


@article{TURING01101950,
  author  = {TURING, A. M.},
  title   = {I.—COMPUTING MACHINERY AND INTELLIGENCE},
  volume  = {LIX},
  number  = {236},
  pages   = {433-460},
  year    = {1950},
  doi     = {10.1093/mind/LIX.236.433},
  URL     = {http://mind.oxfordjournals.org/content/LIX/236/433.short},
  eprint  = {http://mind.oxfordjournals.org/content/LIX/236/433.full.pdf+html},
  journal = {Mind}
}

@inproceedings{bayer1971binary,
  title        = {Binary B-trees for virtual memory},
  author       = {Bayer, Rudolf},
  booktitle    = {Proceedings of the 1971 ACM SIGFIDET (now SIGMOD) Workshop on Data Description, Access and Control},
  pages        = {219--235},
  year         = {1971},
  organization = {ACM}
}

@online{wiki:turing_test,
  author       = "Wikipedia",
  title        = "Тест Тьюринга",
  howpublished = "Википедия, свободная энциклопедия",
  year         = 2013,
  url          = {http://goo.gl/kAhYK},
  urldate      = "08.04.2013",
  eprint       = "http://goo.gl/kAhYK",
  language     = "russian"
}